<?xml version="1.0" encoding="UTF-8"?><collection xmlns="http://www.loc.gov/MARC21/slim"><record><leader>00460nam--2200169-i-4500</leader><controlfield tag="001">000019893</controlfield><controlfield tag="002">20161230</controlfield><controlfield tag="005">20170124004844</controlfield><controlfield tag="008">060222s1000------------r-----000-0-eng-d</controlfield><datafield ind1=" " ind2=" " tag="080"><subfield code="a">550.343</subfield></datafield><datafield ind1=" " ind2=" " tag="245"><subfield code="a">Earthquake prediction and seismicity patterns</subfield></datafield><datafield ind1=" " ind2=" " tag="260"><subfield code="a">Basel</subfield><subfield code="b">Birkhauser Verlag</subfield><subfield code="c">1979</subfield></datafield><datafield ind1=" " ind2=" " tag="300"><subfield code="a">1080-1315 p</subfield></datafield><datafield ind1=" " ind2=" " tag="490"><subfield code="a">Contributions To Current Research In Geophysics</subfield></datafield><datafield ind1=" " ind2=" " tag="700"><subfield code="a">Wyss, Max</subfield></datafield><datafield ind1=" " ind2=" " tag="852"><subfield code="a">47962</subfield></datafield><datafield ind1=" " ind2=" " tag="CAT"><subfield code="a">SYS</subfield><subfield code="c">20170124</subfield><subfield code="h">004844</subfield></datafield></record></collection>